% Bibliografía

% Este fichero contiene la bibliografía de la memoria
% Está en un formato que se conoce como BibTex.
% Hay muchos sitios web que exportan referencias en formato BibTeX. 
% Prueba a buscar en http://scholar.google.com por referencias
% y verás que lo puedes hacer de manera sencilla.
% Más información: 
% http://texblog.org/2014/04/22/using-google-scholar-to-download-bibtex-citations/

% Existen varias posibilidades para referenciar diferentes tipos de documentos,
% ya que los datos necesarios varían. Así, existen formatos de entrada para
%     * libros (book)
%     * artículos en revistas de investigación (article)
%     * capítulos de libro (incollection)
%     * informes técnicos (techreport)
%     * otros (misc)
%
% Las páginas web deberían ir como misc.

% Una última cosa: no referencias nunca la WikiPedia
% La WikiPedia, como buena enciclopedia, no es fuente primaria.
% Si acaso, busca por citas en la WikiPedia (que sí ha de referenciar fuentes
% primarias) y haz referencia a las mismas.


@Manual{nondefined:_cie1931,
  title = 	 {No tengo claro cual es el estándar en el que se definió por primera vez. ¿No es ninguno de los siguientes}
}

@Manual{smpte:_rp177,
  author = 	 {SMPTE},
  title = 	 {RP-177: Derivation of Basic Television Color Equations},
  institution =  {Informe Técnico, Society of Motion Picture and Television Engineers},
  year = 	 {Noviembre, 1993},
  address =	 {United States},
}

@Manual{smpte:_barten,
  author = 	 {SMPTE},
  title = 	 {Perceptual Signal Coding for More Efficient Usage of Bit Codes},
  institution =  {Society of Motion Picture and Television Engineers},
  year = 	 {Noviembre, 2002},
}
@Manual{csf:_barten_1,
  author = 	 {P. G. J. Barten},
  title = 	 {Contrast Sensitivity of the Human Eye and its Effects on Image Quality},
  institution =  {SPIE Optical Engineering Press},
  address =	 {Bellingham, WA},
  year = 	 {Noviembre, 1999},
}
@Manual{csf:_barten_2,
  author = 	 {P. G. J. Barten},
  title = 	 {Formula for the contrast sensitivity of the human eye},
  institution = {Proc. SPIE-IS&T Vol. 5294:231-238},
  year = 	 {Enero,1999},
}
@Manual{itu_r:_bt601,
  author = 	 {International Telecommunications Union Radiocommunication Sector},
  title = 	 {Recomendación BT.601 : Studio encoding parameters of digital television for standard 4:3 and wide screen 16:9 aspect ratios},
  year = 	 {Octubre,2011},
  note ={Disponible en: \url{https://www.itu.int/rec/R-REC-BT.601-7-201103-I}},
}

@Manual{itu_r:_bt709,
  author = 	 {International Telecommunications Union Radiocommunication Sector},
  title = 	 {Recomendación BT.709 : Parameter values for the HDTV standards for production and international programme exchange},
  year = 	 {Junio,2015},
  note ={Disponible en: \url{https://www.itu.int/rec/R-REC-BT.709-6-201506-I}},
}

@Manual{itu_r:_bt2020,
  author = 	 {International Telecommunications Union Radiocommunication Sector},
  title = 	 {Recomendación BT.2020 : Parameter values for ultra-high definition television systems for production and international programme exchange},
  year = 	 {Octubre,2015},
  note ={Disponible en: \url{https://www.itu.int/rec/R-REC-BT.2020-2-201510-I}},
}

@Manual{itu_r:_bt2100,
  author = 	 {International Telecommunications Union Radiocommunication Sector},
  title = 	 {Recomendación BT.2100 : Image parameter values for high dynamic range television for use in production and international programme exchange},
  year = 	 {Octubre,2017},
  note ={Disponible en: \url{https://www.itu.int/rec/R-REC-BT.2100-1-201706-I}},
}

@Manual{itu_r:_bt2390,
  author = 	 {International Telecommunications Union Radiocommunication Sector},
  title = 	 {Recomendación BT.2390 : 
High dynamic range television for production and international programme exchange},
  year = 	 {Abril,2018},
  note ={Disponible en: \url{https://www.itu.int/pub/R-REP-BT.2390-4-2018}},
}

@Manual{itu_r:_bt1886,
  author = 	 {International Telecommunications Union Radiocommunication Sector},
  title = 	 {Recomendación BT.1886 : Reference electro-optical transfer function for flat panel displays used in HDTV studio production},
  year = 	 {Marzo,2011},
  note ={Disponible en: \url{https://www.itu.int/rec/R-REC-BT.1886-0-201103-I/}},
}


@Manual{smpte:_st2094,
  author = 	 {SMPTE},
  title = 	 {ST 2094-1:2016: Dynamic Metadata for Color Volume Transform — Core Components},
  year = 	 {Abril,2018},
  note ={Disponible en: \url{https://ieeexplore.ieee.org/document/7513361/}},
}

@Manual{url:_ojo_camara,
  author = {{Fundamentos Científicos 1b}},
  year = {Junio, 2018},
  title = {\texttt{www.fundamentoscientificos1b.blogspot.com}}
}

@Manual{url:_vision_luz_color,
  author = {{Constantino Pérez Vega}},
  institution  = {Universidad de Cantabria},
  year = {2016},
  title = {\texttt{http://personales.unican.es/perezvr/}}
}

